<?xml version="1.0" encoding="UTF-8"?><collection xmlns="http://www.loc.gov/MARC21/slim"><record><leader>00482nam--2200169-i-4500</leader><controlfield tag="001">000003173</controlfield><controlfield tag="002">20161230</controlfield><controlfield tag="005">20161230201025</controlfield><controlfield tag="008">060222s1000------------r-----000-0-eng-d</controlfield><datafield ind1=" " ind2=" " tag="040"><subfield code="a">IFIN-HH</subfield></datafield><datafield ind1=" " ind2=" " tag="080"><subfield code="a">623.454.8</subfield></datafield><datafield ind1="1" ind2=" " tag="100"><subfield code="a">Bhabha,Homi/S.A.</subfield></datafield><datafield ind1=" " ind2=" " tag="245"><subfield code="a">Nuclear explosions and their effects</subfield><subfield code="b">Foreword by jawaharlal nehru</subfield><subfield code="c">Homi bhabha</subfield></datafield><datafield ind1=" " ind2=" " tag="260"><subfield code="a">Delhi</subfield><subfield code="b">Ministry Of Information</subfield><subfield code="c">1956</subfield></datafield><datafield ind1=" " ind2=" " tag="300"><subfield code="a">X + 184P.+VII</subfield></datafield><datafield ind1=" " ind2=" " tag="852"><subfield code="a">12665</subfield><subfield code="c">623.454.8</subfield></datafield><datafield ind1=" " ind2=" " tag="CAT"><subfield code="a">Sys</subfield><subfield code="c">20130604</subfield><subfield code="h">151831</subfield></datafield></record></collection>